@misc{cite1,

title={NetBeans},
month={aou},
year={2016},
note={https://fr.wikipedia.org/wiki/NetBeans}
}

@misc{cite2,

title={StarUML},
month={aou},
year={2016},
note={https://fr.wikipedia.org/wiki/StarUML}
}
